@online{w3c_xml_encryption,
    author = {Takeshi Imamura, Blair Dillaway, Ed Simon},
    title = {XML Encryption Syntax and Processing},
    year = 2002,
    url = {http://www.w3.org/TR/xmlenc-core},
    urldate = {2015-04-24}
}


@online{wiki_apache_ant,
    author = {Wikipedia},
    title = {Apache Ant},
    year = 2015,
    url = {https://en.wikipedia.org/wiki/Apache_Ant},
    urldate = {2015-09-21}
}


@online{apacheorg_apache_ant,
    author = {The Apache Ant Project},
    title = {Apache Ant Project},
    year = 2015,
    url = { https://ant.apache.org/},
    urldate = {2015-09-21}
}


@online{kinook_visual_build,
    author = {Kinook Software Inc },
    title = {Why Visual Build?},
    year = 2015,
    url = {http://www.kinook.com/VisBuildPro/features.html},
    urldate = {2015-09-21}
}

@online{wiki_visual_build,
    author = {Wikipedia},
    title = {Visual Build},
    year = 2015,
    url = {https://en.wikipedia.org/wiki/Visual_Build},
    urldate = {2015-09-21}
}

